%YAML 1.1
%TAG !u! tag:unity3d.com,2011:
--- !u!29 &1
OcclusionCullingSettings:
  m_ObjectHideFlags: 0
  serializedVersion: 2
  m_OcclusionBakeSettings:
    smallestOccluder: 5
    smallestHole: 0.25
    backfaceThreshold: 100
  m_SceneGUID: 00000000000000000000000000000000
  m_OcclusionCullingData: {fileID: 0}
--- !u!104 &2
RenderSettings:
  m_ObjectHideFlags: 0
  serializedVersion: 9
  m_Fog: 0
  m_FogColor: {r: 0.5, g: 0.5, b: 0.5, a: 1}
  m_FogMode: 3
  m_FogDensity: 0.01
  m_LinearFogStart: 0
  m_LinearFogEnd: 300
  m_AmbientSkyColor: {r: 0.212, g: 0.227, b: 0.259, a: 1}
  m_AmbientEquatorColor: {r: 0.114, g: 0.125, b: 0.133, a: 1}
  m_AmbientGroundColor: {r: 0.047, g: 0.043, b: 0.035, a: 1}
  m_AmbientIntensity: 1
  m_AmbientMode: 0
  m_SubtractiveShadowColor: {r: 0.42, g: 0.478, b: 0.627, a: 1}
  m_SkyboxMaterial: {fileID: 10304, guid: 0000000000000000f000000000000000, type: 0}
  m_HaloStrength: 0.5
  m_FlareStrength: 1
  m_FlareFadeSpeed: 3
  m_HaloTexture: {fileID: 0}
  m_SpotCookie: {fileID: 10001, guid: 0000000000000000e000000000000000, type: 0}
  m_DefaultReflectionMode: 0
  m_DefaultReflectionResolution: 128
  m_ReflectionBounces: 1
  m_ReflectionIntensity: 1
  m_CustomReflection: {fileID: 0}
  m_Sun: {fileID: 0}
  m_IndirectSpecularColor: {r: 0.37311918, g: 0.38073993, b: 0.35872695, a: 1}
  m_UseRadianceAmbientProbe: 0
--- !u!157 &3
LightmapSettings:
  m_ObjectHideFlags: 0
  serializedVersion: 11
  m_GIWorkflowMode: 0
  m_GISettings:
    serializedVersion: 2
    m_BounceScale: 1
    m_IndirectOutputScale: 1
    m_AlbedoBoost: 1
    m_EnvironmentLightingMode: 0
    m_EnableBakedLightmaps: 1
    m_EnableRealtimeLightmaps: 1
  m_LightmapEditorSettings:
    serializedVersion: 12
    m_Resolution: 2
    m_BakeResolution: 40
    m_AtlasSize: 1024
    m_AO: 0
    m_AOMaxDistance: 1
    m_CompAOExponent: 0
    m_CompAOExponentDirect: 0
    m_ExtractAmbientOcclusion: 0
    m_Padding: 2
    m_LightmapParameters: {fileID: 0}
    m_LightmapsBakeMode: 1
    m_TextureCompression: 1
    m_FinalGather: 0
    m_FinalGatherFiltering: 1
    m_FinalGatherRayCount: 1024
    m_ReflectionCompression: 2
    m_MixedBakeMode: 1
    m_BakeBackend: 0
    m_PVRSampling: 1
    m_PVRDirectSampleCount: 32
    m_PVRSampleCount: 500
    m_PVRBounces: 2
    m_PVREnvironmentSampleCount: 500
    m_PVREnvironmentReferencePointCount: 2048
    m_PVRFilteringMode: 2
    m_PVRDenoiserTypeDirect: 0
    m_PVRDenoiserTypeIndirect: 0
    m_PVRDenoiserTypeAO: 0
    m_PVRFilterTypeDirect: 0
    m_PVRFilterTypeIndirect: 0
    m_PVRFilterTypeAO: 0
    m_PVREnvironmentMIS: 0
    m_PVRCulling: 1
    m_PVRFilteringGaussRadiusDirect: 1
    m_PVRFilteringGaussRadiusIndirect: 5
    m_PVRFilteringGaussRadiusAO: 2
    m_PVRFilteringAtrousPositionSigmaDirect: 0.5
    m_PVRFilteringAtrousPositionSigmaIndirect: 2
    m_PVRFilteringAtrousPositionSigmaAO: 1
    m_ExportTrainingData: 0
    m_TrainingDataDestination: TrainingData
  m_LightingDataAsset: {fileID: 0}
  m_UseShadowmask: 0
--- !u!196 &4
NavMeshSettings:
  serializedVersion: 2
  m_ObjectHideFlags: 0
  m_BuildSettings:
    serializedVersion: 2
    agentTypeID: 0
    agentRadius: 0.5
    agentHeight: 2
    agentSlope: 45
    agentClimb: 0.4
    ledgeDropHeight: 0
    maxJumpAcrossDistance: 0
    minRegionArea: 2
    manualCellSize: 0
    cellSize: 0.16666667
    manualTileSize: 0
    tileSize: 256
    accuratePlacement: 0
    debug:
      m_Flags: 0
  m_NavMeshData: {fileID: 0}
--- !u!1 &65041148 stripped
GameObject:
  m_CorrespondingSourceObject: {fileID: 1396913856405204, guid: badab9ae4688649478181f4af98f0eff,
    type: 3}
  m_PrefabInstance: {fileID: 1417757042}
  m_PrefabAsset: {fileID: 0}
--- !u!1001 &212585004
PrefabInstance:
  m_ObjectHideFlags: 0
  serializedVersion: 2
  m_Modification:
    m_TransformParent: {fileID: 460731502}
    m_Modifications:
    - target: {fileID: 1142742277709532, guid: 53b35852d02f74246a7afb73d4a70bc3, type: 3}
      propertyPath: m_IsActive
      value: 0
      objectReference: {fileID: 0}
    - target: {fileID: 4728669524728384, guid: 53b35852d02f74246a7afb73d4a70bc3, type: 3}
      propertyPath: m_LocalPosition.x
      value: 0
      objectReference: {fileID: 0}
    - target: {fileID: 4728669524728384, guid: 53b35852d02f74246a7afb73d4a70bc3, type: 3}
      propertyPath: m_LocalPosition.y
      value: 0
      objectReference: {fileID: 0}
    - target: {fileID: 4728669524728384, guid: 53b35852d02f74246a7afb73d4a70bc3, type: 3}
      propertyPath: m_LocalPosition.z
      value: 5
      objectReference: {fileID: 0}
    - target: {fileID: 4728669524728384, guid: 53b35852d02f74246a7afb73d4a70bc3, type: 3}
      propertyPath: m_LocalRotation.x
      value: -0
      objectReference: {fileID: 0}
    - target: {fileID: 4728669524728384, guid: 53b35852d02f74246a7afb73d4a70bc3, type: 3}
      propertyPath: m_LocalRotation.y
      value: -0
      objectReference: {fileID: 0}
    - target: {fileID: 4728669524728384, guid: 53b35852d02f74246a7afb73d4a70bc3, type: 3}
      propertyPath: m_LocalRotation.z
      value: -0
      objectReference: {fileID: 0}
    - target: {fileID: 4728669524728384, guid: 53b35852d02f74246a7afb73d4a70bc3, type: 3}
      propertyPath: m_LocalRotation.w
      value: 1
      objectReference: {fileID: 0}
    - target: {fileID: 4728669524728384, guid: 53b35852d02f74246a7afb73d4a70bc3, type: 3}
      propertyPath: m_RootOrder
      value: 0
      objectReference: {fileID: 0}
    m_RemovedComponents: []
  m_SourcePrefab: {fileID: 100100000, guid: 53b35852d02f74246a7afb73d4a70bc3, type: 3}
--- !u!1 &237643321
GameObject:
  m_ObjectHideFlags: 0
  m_CorrespondingSourceObject: {fileID: 0}
  m_PrefabInstance: {fileID: 0}
  m_PrefabAsset: {fileID: 0}
  serializedVersion: 6
  m_Component:
  - component: {fileID: 237643322}
  - component: {fileID: 237643325}
  - component: {fileID: 237643324}
  - component: {fileID: 237643323}
  m_Layer: 0
  m_Name: DialogCam
  m_TagString: Untagged
  m_Icon: {fileID: 0}
  m_NavMeshLayer: 0
  m_StaticEditorFlags: 0
  m_IsActive: 1
--- !u!4 &237643322
Transform:
  m_ObjectHideFlags: 0
  m_CorrespondingSourceObject: {fileID: 0}
  m_PrefabInstance: {fileID: 0}
  m_PrefabAsset: {fileID: 0}
  m_GameObject: {fileID: 237643321}
  m_LocalRotation: {x: -0, y: -0, z: -0, w: 1}
  m_LocalPosition: {x: 0, y: 1.98, z: -20}
  m_LocalScale: {x: 1, y: 1, z: 1}
  m_Children: []
  m_Father: {fileID: 2055464806}
  m_RootOrder: 0
  m_LocalEulerAnglesHint: {x: 0, y: 0, z: 0}
--- !u!92 &237643323
Behaviour:
  m_ObjectHideFlags: 0
  m_CorrespondingSourceObject: {fileID: 0}
  m_PrefabInstance: {fileID: 0}
  m_PrefabAsset: {fileID: 0}
  m_GameObject: {fileID: 237643321}
  m_Enabled: 1
--- !u!124 &237643324
Behaviour:
  m_ObjectHideFlags: 0
  m_CorrespondingSourceObject: {fileID: 0}
  m_PrefabInstance: {fileID: 0}
  m_PrefabAsset: {fileID: 0}
  m_GameObject: {fileID: 237643321}
  m_Enabled: 1
--- !u!20 &237643325
Camera:
  m_ObjectHideFlags: 0
  m_CorrespondingSourceObject: {fileID: 0}
  m_PrefabInstance: {fileID: 0}
  m_PrefabAsset: {fileID: 0}
  m_GameObject: {fileID: 237643321}
  m_Enabled: 1
  serializedVersion: 2
  m_ClearFlags: 2
  m_BackGroundColor: {r: 0, g: 0, b: 0, a: 0}
  m_projectionMatrixMode: 1
  m_GateFitMode: 2
  m_FOVAxisMode: 0
  m_SensorSize: {x: 36, y: 24}
  m_LensShift: {x: 0, y: 0}
  m_FocalLength: 50
  m_NormalizedViewPortRect:
    serializedVersion: 2
    x: 0
    y: 0
    width: 1
    height: 1
  near clip plane: 0.3
  far clip plane: 1000
  field of view: 24
  orthographic: 0
  orthographic size: 5
  m_Depth: 0
  m_CullingMask:
    serializedVersion: 2
    m_Bits: 4294967295
  m_RenderingPath: -1
  m_TargetTexture: {fileID: 8400000, guid: 8b788ff605602b544a354b944e1b4692, type: 2}
  m_TargetDisplay: 0
  m_TargetEye: 3
  m_HDR: 0
  m_AllowMSAA: 1
  m_AllowDynamicResolution: 0
  m_ForceIntoRT: 0
  m_OcclusionCulling: 0
  m_StereoConvergence: 10
  m_StereoSeparation: 0.022
--- !u!4 &261378745 stripped
Transform:
  m_CorrespondingSourceObject: {fileID: 4036345766798230, guid: badab9ae4688649478181f4af98f0eff,
    type: 3}
  m_PrefabInstance: {fileID: 925414882}
  m_PrefabAsset: {fileID: 0}
--- !u!1001 &265561739
PrefabInstance:
  m_ObjectHideFlags: 0
  serializedVersion: 2
  m_Modification:
    m_TransformParent: {fileID: 460731502}
    m_Modifications:
    - target: {fileID: 1239449686048814, guid: 9f9f849ac872ad9479b1e6b2715e2504, type: 3}
      propertyPath: m_IsActive
      value: 0
      objectReference: {fileID: 0}
    - target: {fileID: 4846331374069544, guid: 9f9f849ac872ad9479b1e6b2715e2504, type: 3}
      propertyPath: m_LocalPosition.x
      value: 0
      objectReference: {fileID: 0}
    - target: {fileID: 4846331374069544, guid: 9f9f849ac872ad9479b1e6b2715e2504, type: 3}
      propertyPath: m_LocalPosition.y
      value: 0
      objectReference: {fileID: 0}
    - target: {fileID: 4846331374069544, guid: 9f9f849ac872ad9479b1e6b2715e2504, type: 3}
      propertyPath: m_LocalPosition.z
      value: 5
      objectReference: {fileID: 0}
    - target: {fileID: 4846331374069544, guid: 9f9f849ac872ad9479b1e6b2715e2504, type: 3}
      propertyPath: m_LocalRotation.x
      value: 0
      objectReference: {fileID: 0}
    - target: {fileID: 4846331374069544, guid: 9f9f849ac872ad9479b1e6b2715e2504, type: 3}
      propertyPath: m_LocalRotation.y
      value: 0
      objectReference: {fileID: 0}
    - target: {fileID: 4846331374069544, guid: 9f9f849ac872ad9479b1e6b2715e2504, type: 3}
      propertyPath: m_LocalRotation.z
      value: 0
      objectReference: {fileID: 0}
    - target: {fileID: 4846331374069544, guid: 9f9f849ac872ad9479b1e6b2715e2504, type: 3}
      propertyPath: m_LocalRotation.w
      value: 1
      objectReference: {fileID: 0}
    - target: {fileID: 4846331374069544, guid: 9f9f849ac872ad9479b1e6b2715e2504, type: 3}
      propertyPath: m_RootOrder
      value: 4
      objectReference: {fileID: 0}
    m_RemovedComponents: []
  m_SourcePrefab: {fileID: 100100000, guid: 9f9f849ac872ad9479b1e6b2715e2504, type: 3}
--- !u!1 &311611442
GameObject:
  m_ObjectHideFlags: 0
  m_CorrespondingSourceObject: {fileID: 0}
  m_PrefabInstance: {fileID: 0}
  m_PrefabAsset: {fileID: 0}
  serializedVersion: 6
  m_Component:
  - component: {fileID: 311611445}
  - component: {fileID: 311611444}
  - component: {fileID: 311611443}
  m_Layer: 0
  m_Name: EventSystem
  m_TagString: Untagged
  m_Icon: {fileID: 0}
  m_NavMeshLayer: 0
  m_StaticEditorFlags: 0
  m_IsActive: 1
--- !u!114 &311611443
MonoBehaviour:
  m_ObjectHideFlags: 0
  m_CorrespondingSourceObject: {fileID: 0}
  m_PrefabInstance: {fileID: 0}
  m_PrefabAsset: {fileID: 0}
  m_GameObject: {fileID: 311611442}
  m_Enabled: 1
  m_EditorHideFlags: 0
  m_Script: {fileID: 11500000, guid: 4f231c4fb786f3946a6b90b886c48677, type: 3}
  m_Name: 
  m_EditorClassIdentifier: 
  m_HorizontalAxis: Horizontal
  m_VerticalAxis: Vertical
  m_SubmitButton: Submit
  m_CancelButton: Cancel
  m_InputActionsPerSecond: 10
  m_RepeatDelay: 0.5
  m_ForceModuleActive: 0
--- !u!114 &311611444
MonoBehaviour:
  m_ObjectHideFlags: 0
  m_CorrespondingSourceObject: {fileID: 0}
  m_PrefabInstance: {fileID: 0}
  m_PrefabAsset: {fileID: 0}
  m_GameObject: {fileID: 311611442}
  m_Enabled: 1
  m_EditorHideFlags: 0
  m_Script: {fileID: 11500000, guid: 76c392e42b5098c458856cdf6ecaaaa1, type: 3}
  m_Name: 
  m_EditorClassIdentifier: 
  m_FirstSelected: {fileID: 0}
  m_sendNavigationEvents: 1
  m_DragThreshold: 5
--- !u!4 &311611445
Transform:
  m_ObjectHideFlags: 0
  m_CorrespondingSourceObject: {fileID: 0}
  m_PrefabInstance: {fileID: 0}
  m_PrefabAsset: {fileID: 0}
  m_GameObject: {fileID: 311611442}
  m_LocalRotation: {x: 0, y: 0, z: 0, w: 1}
  m_LocalPosition: {x: 0, y: 0, z: 0}
  m_LocalScale: {x: 1, y: 1, z: 1}
  m_Children: []
  m_Father: {fileID: 0}
  m_RootOrder: 2
  m_LocalEulerAnglesHint: {x: 0, y: 0, z: 0}
--- !u!1001 &389547598
PrefabInstance:
  m_ObjectHideFlags: 0
  serializedVersion: 2
  m_Modification:
    m_TransformParent: {fileID: 460731502}
    m_Modifications:
    - target: {fileID: 1267560568026590, guid: 7a2ec46efeeca1d43a031cb3c03ff3e6, type: 3}
      propertyPath: m_IsActive
      value: 0
      objectReference: {fileID: 0}
    - target: {fileID: 4219761681596404, guid: 7a2ec46efeeca1d43a031cb3c03ff3e6, type: 3}
      propertyPath: m_LocalPosition.x
      value: 0
      objectReference: {fileID: 0}
    - target: {fileID: 4219761681596404, guid: 7a2ec46efeeca1d43a031cb3c03ff3e6, type: 3}
      propertyPath: m_LocalPosition.y
      value: 0
      objectReference: {fileID: 0}
    - target: {fileID: 4219761681596404, guid: 7a2ec46efeeca1d43a031cb3c03ff3e6, type: 3}
      propertyPath: m_LocalPosition.z
      value: 5
      objectReference: {fileID: 0}
    - target: {fileID: 4219761681596404, guid: 7a2ec46efeeca1d43a031cb3c03ff3e6, type: 3}
      propertyPath: m_LocalRotation.x
      value: 0
      objectReference: {fileID: 0}
    - target: {fileID: 4219761681596404, guid: 7a2ec46efeeca1d43a031cb3c03ff3e6, type: 3}
      propertyPath: m_LocalRotation.y
      value: 0
      objectReference: {fileID: 0}
    - target: {fileID: 4219761681596404, guid: 7a2ec46efeeca1d43a031cb3c03ff3e6, type: 3}
      propertyPath: m_LocalRotation.z
      value: 0
      objectReference: {fileID: 0}
    - target: {fileID: 4219761681596404, guid: 7a2ec46efeeca1d43a031cb3c03ff3e6, type: 3}
      propertyPath: m_LocalRotation.w
      value: 1
      objectReference: {fileID: 0}
    - target: {fileID: 4219761681596404, guid: 7a2ec46efeeca1d43a031cb3c03ff3e6, type: 3}
      propertyPath: m_RootOrder
      value: 3
      objectReference: {fileID: 0}
    m_RemovedComponents: []
  m_SourcePrefab: {fileID: 100100000, guid: 7a2ec46efeeca1d43a031cb3c03ff3e6, type: 3}
--- !u!1 &404419698
GameObject:
  m_ObjectHideFlags: 0
  m_CorrespondingSourceObject: {fileID: 0}
  m_PrefabInstance: {fileID: 0}
  m_PrefabAsset: {fileID: 0}
  serializedVersion: 6
  m_Component:
  - component: {fileID: 404419699}
  - component: {fileID: 404419700}
  m_Layer: 0
  m_Name: Refinal
  m_TagString: Untagged
  m_Icon: {fileID: 0}
  m_NavMeshLayer: 0
  m_StaticEditorFlags: 0
  m_IsActive: 1
--- !u!4 &404419699
Transform:
  m_ObjectHideFlags: 0
  m_CorrespondingSourceObject: {fileID: 0}
  m_PrefabInstance: {fileID: 0}
  m_PrefabAsset: {fileID: 0}
  m_GameObject: {fileID: 404419698}
  m_LocalRotation: {x: 0, y: 0, z: 0, w: 1}
  m_LocalPosition: {x: 0, y: 0, z: 0}
  m_LocalScale: {x: 1, y: 1, z: 1}
  m_Children: []
  m_Father: {fileID: 1454681215}
  m_RootOrder: 1
  m_LocalEulerAnglesHint: {x: 0, y: 0, z: 0}
--- !u!212 &404419700
SpriteRenderer:
  m_ObjectHideFlags: 0
  m_CorrespondingSourceObject: {fileID: 0}
  m_PrefabInstance: {fileID: 0}
  m_PrefabAsset: {fileID: 0}
  m_GameObject: {fileID: 404419698}
  m_Enabled: 1
  m_CastShadows: 0
  m_ReceiveShadows: 0
  m_DynamicOccludee: 1
  m_MotionVectors: 1
  m_LightProbeUsage: 1
  m_ReflectionProbeUsage: 1
  m_RenderingLayerMask: 4294967295
  m_RendererPriority: 0
  m_Materials:
  - {fileID: 10754, guid: 0000000000000000f000000000000000, type: 0}
  m_StaticBatchInfo:
    firstSubMesh: 0
    subMeshCount: 0
  m_StaticBatchRoot: {fileID: 0}
  m_ProbeAnchor: {fileID: 0}
  m_LightProbeVolumeOverride: {fileID: 0}
  m_ScaleInLightmap: 1
  m_ReceiveGI: 1
  m_PreserveUVs: 0
  m_IgnoreNormalsForChartDetection: 0
  m_ImportantGI: 0
  m_StitchLightmapSeams: 0
  m_SelectedEditorRenderState: 0
  m_MinimumChartSize: 4
  m_AutoUVMaxDistance: 0.5
  m_AutoUVMaxAngle: 89
  m_LightmapParameters: {fileID: 0}
  m_SortingLayerID: 0
  m_SortingLayer: 0
  m_SortingOrder: 0
  m_Sprite: {fileID: 21300000, guid: 27fa4e276b5493543944e61e4f02e4c1, type: 3}
  m_Color: {r: 1, g: 1, b: 1, a: 1}
  m_FlipX: 0
  m_FlipY: 0
  m_DrawMode: 0
  m_Size: {x: 10.24, y: 5.76}
  m_AdaptiveModeThreshold: 0.5
  m_SpriteTileMode: 0
  m_WasSpriteAssigned: 1
  m_MaskInteraction: 0
  m_SpriteSortPoint: 0
--- !u!114 &407990927 stripped
MonoBehaviour:
  m_CorrespondingSourceObject: {fileID: 114260014037359880, guid: a301b92a7ad4ec943b635b8a26da7e38,
    type: 3}
  m_PrefabInstance: {fileID: 1416983049}
  m_PrefabAsset: {fileID: 0}
  m_GameObject: {fileID: 0}
  m_Enabled: 1
  m_EditorHideFlags: 0
  m_Script: {fileID: 11500000, guid: 5f7201a12d95ffc409449d95f23cf332, type: 3}
  m_Name: 
  m_EditorClassIdentifier: 
--- !u!1 &409350946
GameObject:
  m_ObjectHideFlags: 0
  m_CorrespondingSourceObject: {fileID: 0}
  m_PrefabInstance: {fileID: 0}
  m_PrefabAsset: {fileID: 0}
  serializedVersion: 6
  m_Component:
  - component: {fileID: 409350951}
  - component: {fileID: 409350950}
  - component: {fileID: 409350949}
  - component: {fileID: 409350948}
  - component: {fileID: 409350947}
  m_Layer: 0
  m_Name: Main Camera
  m_TagString: MainCamera
  m_Icon: {fileID: 0}
  m_NavMeshLayer: 0
  m_StaticEditorFlags: 0
  m_IsActive: 1
--- !u!81 &409350947
AudioListener:
  m_ObjectHideFlags: 0
  m_CorrespondingSourceObject: {fileID: 0}
  m_PrefabInstance: {fileID: 0}
  m_PrefabAsset: {fileID: 0}
  m_GameObject: {fileID: 409350946}
  m_Enabled: 1
--- !u!124 &409350948
Behaviour:
  m_ObjectHideFlags: 0
  m_CorrespondingSourceObject: {fileID: 0}
  m_PrefabInstance: {fileID: 0}
  m_PrefabAsset: {fileID: 0}
  m_GameObject: {fileID: 409350946}
  m_Enabled: 1
--- !u!92 &409350949
Behaviour:
  m_ObjectHideFlags: 0
  m_CorrespondingSourceObject: {fileID: 0}
  m_PrefabInstance: {fileID: 0}
  m_PrefabAsset: {fileID: 0}
  m_GameObject: {fileID: 409350946}
  m_Enabled: 1
--- !u!20 &409350950
Camera:
  m_ObjectHideFlags: 0
  m_CorrespondingSourceObject: {fileID: 0}
  m_PrefabInstance: {fileID: 0}
  m_PrefabAsset: {fileID: 0}
  m_GameObject: {fileID: 409350946}
  m_Enabled: 1
  serializedVersion: 2
  m_ClearFlags: 2
  m_BackGroundColor: {r: 0, g: 0, b: 0, a: 0.019607844}
  m_projectionMatrixMode: 1
  m_GateFitMode: 2
  m_FOVAxisMode: 0
  m_SensorSize: {x: 36, y: 24}
  m_LensShift: {x: 0, y: 0}
  m_FocalLength: 50
  m_NormalizedViewPortRect:
    serializedVersion: 2
    x: 0
    y: 0
    width: 1
    height: 1
  near clip plane: 0.3
  far clip plane: 1000
  field of view: 60
  orthographic: 1
  orthographic size: 12
  m_Depth: -1
  m_CullingMask:
    serializedVersion: 2
    m_Bits: 4294967295
  m_RenderingPath: -1
  m_TargetTexture: {fileID: 0}
  m_TargetDisplay: 0
  m_TargetEye: 3
  m_HDR: 0
  m_AllowMSAA: 1
  m_AllowDynamicResolution: 0
  m_ForceIntoRT: 0
  m_OcclusionCulling: 1
  m_StereoConvergence: 10
  m_StereoSeparation: 0.022
--- !u!4 &409350951
Transform:
  m_ObjectHideFlags: 0
  m_CorrespondingSourceObject: {fileID: 0}
  m_PrefabInstance: {fileID: 0}
  m_PrefabAsset: {fileID: 0}
  m_GameObject: {fileID: 409350946}
  m_LocalRotation: {x: 0, y: 0, z: 0, w: 1}
  m_LocalPosition: {x: 0, y: 0, z: 0}
  m_LocalScale: {x: 1, y: 1, z: 1}
  m_Children: []
  m_Father: {fileID: 0}
  m_RootOrder: 1
  m_LocalEulerAnglesHint: {x: 0, y: 0, z: 0}
--- !u!1 &426015782
GameObject:
  m_ObjectHideFlags: 0
  m_CorrespondingSourceObject: {fileID: 0}
  m_PrefabInstance: {fileID: 0}
  m_PrefabAsset: {fileID: 0}
  serializedVersion: 6
  m_Component:
  - component: {fileID: 426015784}
  - component: {fileID: 426015785}
  - component: {fileID: 426015783}
  m_Layer: 0
  m_Name: Cutscene
  m_TagString: Untagged
  m_Icon: {fileID: 0}
  m_NavMeshLayer: 0
  m_StaticEditorFlags: 0
  m_IsActive: 1
--- !u!114 &426015783
MonoBehaviour:
  m_ObjectHideFlags: 0
  m_CorrespondingSourceObject: {fileID: 0}
  m_PrefabInstance: {fileID: 0}
  m_PrefabAsset: {fileID: 0}
  m_GameObject: {fileID: 426015782}
  m_Enabled: 1
  m_EditorHideFlags: 0
  m_Script: {fileID: 11500000, guid: 875b9392d24763f44a428548164b3691, type: 3}
  m_Name: 
  m_EditorClassIdentifier: 
  chManager: {fileID: 2055464805}
  dialogUI: {fileID: 1416983050}
  dialogUI_2: {fileID: 1943873380}
  charImage: {fileID: 0}
  charText: {fileID: 1074905056}
  ansText:
  - {fileID: 407990927}
  charText_2: {fileID: 0}
  ansText_2:
  - {fileID: 0}
  - {fileID: 0}
  - {fileID: 0}
  backgrounds:
  - name: exteriorPuente
    visualization: {fileID: 1406300478}
  - name: exteriorMuelle
    visualization: {fileID: 533874379}
  - name: exteriorLaboratorio
    visualization: {fileID: 1506122938}
  - name: Final
    visualization: {fileID: 972781205}
  - name: Refinal
    visualization: {fileID: 1454681214}
  - name: interiorHabitacion1
    visualization: {fileID: 925414883}
  - name: interiorHabitacion2
    visualization: {fileID: 65041148}
  level: 5
--- !u!4 &426015784
Transform:
  m_ObjectHideFlags: 0
  m_CorrespondingSourceObject: {fileID: 0}
  m_PrefabInstance: {fileID: 0}
  m_PrefabAsset: {fileID: 0}
  m_GameObject: {fileID: 426015782}
  m_LocalRotation: {x: 0, y: 0, z: 0, w: 1}
  m_LocalPosition: {x: 0, y: 0, z: 0}
  m_LocalScale: {x: 1, y: 1, z: 1}
  m_Children: []
  m_Father: {fileID: 0}
  m_RootOrder: 0
  m_LocalEulerAnglesHint: {x: 0, y: 0, z: 0}
--- !u!114 &426015785
MonoBehaviour:
  m_ObjectHideFlags: 0
  m_CorrespondingSourceObject: {fileID: 0}
  m_PrefabInstance: {fileID: 0}
  m_PrefabAsset: {fileID: 0}
  m_GameObject: {fileID: 426015782}
  m_Enabled: 1
  m_EditorHideFlags: 0
  m_Script: {fileID: 11500000, guid: 82d21ec5767bfe54b8b6dc0c39686944, type: 3}
  m_Name: 
  m_EditorClassIdentifier: 
  csdialogManager: {fileID: 0}
  cs_UI: {fileID: 641559380}
--- !u!1 &460731501
GameObject:
  m_ObjectHideFlags: 0
  m_CorrespondingSourceObject: {fileID: 0}
  m_PrefabInstance: {fileID: 0}
  m_PrefabAsset: {fileID: 0}
  serializedVersion: 6
  m_Component:
  - component: {fileID: 460731502}
  m_Layer: 0
  m_Name: Backgrounds
  m_TagString: Untagged
  m_Icon: {fileID: 0}
  m_NavMeshLayer: 0
  m_StaticEditorFlags: 0
  m_IsActive: 1
--- !u!4 &460731502
Transform:
  m_ObjectHideFlags: 0
  m_CorrespondingSourceObject: {fileID: 0}
  m_PrefabInstance: {fileID: 0}
  m_PrefabAsset: {fileID: 0}
  m_GameObject: {fileID: 460731501}
  m_LocalRotation: {x: 0, y: 0, z: 0, w: 1}
  m_LocalPosition: {x: 0, y: 0, z: 0}
  m_LocalScale: {x: 1, y: 1, z: 1}
  m_Children:
  - {fileID: 2046881953}
  - {fileID: 261378745}
  - {fileID: 1417757043}
  - {fileID: 1732094010}
  - {fileID: 1059422544}
  - {fileID: 1735064638}
  - {fileID: 972781204}
  - {fileID: 1454681215}
  m_Father: {fileID: 0}
  m_RootOrder: 5
  m_LocalEulerAnglesHint: {x: 0, y: 0, z: 0}
--- !u!1 &533874379 stripped
GameObject:
  m_CorrespondingSourceObject: {fileID: 1239449686048814, guid: 9f9f849ac872ad9479b1e6b2715e2504,
    type: 3}
  m_PrefabInstance: {fileID: 265561739}
  m_PrefabAsset: {fileID: 0}
--- !u!1 &641559380
GameObject:
  m_ObjectHideFlags: 0
  m_CorrespondingSourceObject: {fileID: 0}
  m_PrefabInstance: {fileID: 0}
  m_PrefabAsset: {fileID: 0}
  serializedVersion: 6
  m_Component:
  - component: {fileID: 641559384}
  - component: {fileID: 641559383}
  - component: {fileID: 641559382}
  - component: {fileID: 641559381}
  m_Layer: 5
  m_Name: CS_UI
  m_TagString: Untagged
  m_Icon: {fileID: 0}
  m_NavMeshLayer: 0
  m_StaticEditorFlags: 0
  m_IsActive: 1
--- !u!114 &641559381
MonoBehaviour:
  m_ObjectHideFlags: 0
  m_CorrespondingSourceObject: {fileID: 0}
  m_PrefabInstance: {fileID: 0}
  m_PrefabAsset: {fileID: 0}
  m_GameObject: {fileID: 641559380}
  m_Enabled: 1
  m_EditorHideFlags: 0
  m_Script: {fileID: 11500000, guid: dc42784cf147c0c48a680349fa168899, type: 3}
  m_Name: 
  m_EditorClassIdentifier: 
  m_IgnoreReversedGraphics: 1
  m_BlockingObjects: 0
  m_BlockingMask:
    serializedVersion: 2
    m_Bits: 4294967295
--- !u!114 &641559382
MonoBehaviour:
  m_ObjectHideFlags: 0
  m_CorrespondingSourceObject: {fileID: 0}
  m_PrefabInstance: {fileID: 0}
  m_PrefabAsset: {fileID: 0}
  m_GameObject: {fileID: 641559380}
  m_Enabled: 1
  m_EditorHideFlags: 0
  m_Script: {fileID: 11500000, guid: 0cd44c1031e13a943bb63640046fad76, type: 3}
  m_Name: 
  m_EditorClassIdentifier: 
  m_UiScaleMode: 1
  m_ReferencePixelsPerUnit: 100
  m_ScaleFactor: 1
  m_ReferenceResolution: {x: 1024, y: 576}
  m_ScreenMatchMode: 0
  m_MatchWidthOrHeight: 1
  m_PhysicalUnit: 3
  m_FallbackScreenDPI: 96
  m_DefaultSpriteDPI: 96
  m_DynamicPixelsPerUnit: 1
--- !u!223 &641559383
Canvas:
  m_ObjectHideFlags: 0
  m_CorrespondingSourceObject: {fileID: 0}
  m_PrefabInstance: {fileID: 0}
  m_PrefabAsset: {fileID: 0}
  m_GameObject: {fileID: 641559380}
  m_Enabled: 1
  serializedVersion: 3
  m_RenderMode: 0
  m_Camera: {fileID: 0}
  m_PlaneDistance: 100
  m_PixelPerfect: 0
  m_ReceivesEvents: 1
  m_OverrideSorting: 0
  m_OverridePixelPerfect: 0
  m_SortingBucketNormalizedSize: 0
  m_AdditionalShaderChannelsFlag: 25
  m_SortingLayerID: 0
  m_SortingOrder: 0
  m_TargetDisplay: 0
--- !u!224 &641559384
RectTransform:
  m_ObjectHideFlags: 0
  m_CorrespondingSourceObject: {fileID: 0}
  m_PrefabInstance: {fileID: 0}
  m_PrefabAsset: {fileID: 0}
  m_GameObject: {fileID: 641559380}
  m_LocalRotation: {x: 0, y: 0, z: 0, w: 1}
  m_LocalPosition: {x: 0, y: 0, z: 0}
  m_LocalScale: {x: 0, y: 0, z: 0}
  m_Children:
  - {fileID: 1532158617}
  - {fileID: 1943873379}
  m_Father: {fileID: 0}
  m_RootOrder: 3
  m_LocalEulerAnglesHint: {x: 0, y: 0, z: 0}
  m_AnchorMin: {x: 0, y: 0}
  m_AnchorMax: {x: 0, y: 0}
  m_AnchoredPosition: {x: 0, y: 0}
  m_SizeDelta: {x: 0, y: 0}
  m_Pivot: {x: 0, y: 0}
--- !u!1001 &925414882
PrefabInstance:
  m_ObjectHideFlags: 0
  serializedVersion: 2
  m_Modification:
    m_TransformParent: {fileID: 460731502}
    m_Modifications:
    - target: {fileID: 1396913856405204, guid: badab9ae4688649478181f4af98f0eff, type: 3}
      propertyPath: m_Name
      value: interiorHabitacion1
      objectReference: {fileID: 0}
    - target: {fileID: 1396913856405204, guid: badab9ae4688649478181f4af98f0eff, type: 3}
      propertyPath: m_IsActive
      value: 0
      objectReference: {fileID: 0}
    - target: {fileID: 4036345766798230, guid: badab9ae4688649478181f4af98f0eff, type: 3}
      propertyPath: m_LocalPosition.x
      value: 0
      objectReference: {fileID: 0}
    - target: {fileID: 4036345766798230, guid: badab9ae4688649478181f4af98f0eff, type: 3}
      propertyPath: m_LocalPosition.y
      value: 0
      objectReference: {fileID: 0}
    - target: {fileID: 4036345766798230, guid: badab9ae4688649478181f4af98f0eff, type: 3}
      propertyPath: m_LocalPosition.z
      value: 5
      objectReference: {fileID: 0}
    - target: {fileID: 4036345766798230, guid: badab9ae4688649478181f4af98f0eff, type: 3}
      propertyPath: m_LocalRotation.x
      value: 0
      objectReference: {fileID: 0}
    - target: {fileID: 4036345766798230, guid: badab9ae4688649478181f4af98f0eff, type: 3}
      propertyPath: m_LocalRotation.y
      value: 0
      objectReference: {fileID: 0}
    - target: {fileID: 4036345766798230, guid: badab9ae4688649478181f4af98f0eff, type: 3}
      propertyPath: m_LocalRotation.z
      value: 0
      objectReference: {fileID: 0}
    - target: {fileID: 4036345766798230, guid: badab9ae4688649478181f4af98f0eff, type: 3}
      propertyPath: m_LocalRotation.w
      value: 1
      objectReference: {fileID: 0}
    - target: {fileID: 4036345766798230, guid: badab9ae4688649478181f4af98f0eff, type: 3}
      propertyPath: m_RootOrder
      value: 1
      objectReference: {fileID: 0}
    m_RemovedComponents: []
  m_SourcePrefab: {fileID: 100100000, guid: badab9ae4688649478181f4af98f0eff, type: 3}
--- !u!1 &925414883 stripped
GameObject:
  m_CorrespondingSourceObject: {fileID: 1396913856405204, guid: badab9ae4688649478181f4af98f0eff,
    type: 3}
  m_PrefabInstance: {fileID: 925414882}
  m_PrefabAsset: {fileID: 0}
--- !u!1001 &972781203
PrefabInstance:
  m_ObjectHideFlags: 0
  serializedVersion: 2
  m_Modification:
    m_TransformParent: {fileID: 460731502}
    m_Modifications:
    - target: {fileID: 1547788076964182, guid: 3d117584a4e578144a520464c7ba1b39, type: 3}
      propertyPath: m_IsActive
      value: 0
      objectReference: {fileID: 0}
    - target: {fileID: 1547788076964182, guid: 3d117584a4e578144a520464c7ba1b39, type: 3}
      propertyPath: m_Name
      value: Final
      objectReference: {fileID: 0}
    - target: {fileID: 4652077751219306, guid: 3d117584a4e578144a520464c7ba1b39, type: 3}
      propertyPath: m_LocalPosition.x
      value: 0
      objectReference: {fileID: 0}
    - target: {fileID: 4652077751219306, guid: 3d117584a4e578144a520464c7ba1b39, type: 3}
      propertyPath: m_LocalPosition.y
      value: 0
      objectReference: {fileID: 0}
    - target: {fileID: 4652077751219306, guid: 3d117584a4e578144a520464c7ba1b39, type: 3}
      propertyPath: m_LocalPosition.z
      value: 5
      objectReference: {fileID: 0}
    - target: {fileID: 4652077751219306, guid: 3d117584a4e578144a520464c7ba1b39, type: 3}
      propertyPath: m_LocalRotation.x
      value: -0
      objectReference: {fileID: 0}
    - target: {fileID: 4652077751219306, guid: 3d117584a4e578144a520464c7ba1b39, type: 3}
      propertyPath: m_LocalRotation.y
      value: -0
      objectReference: {fileID: 0}
    - target: {fileID: 4652077751219306, guid: 3d117584a4e578144a520464c7ba1b39, type: 3}
      propertyPath: m_LocalRotation.z
      value: -0
      objectReference: {fileID: 0}
    - target: {fileID: 4652077751219306, guid: 3d117584a4e578144a520464c7ba1b39, type: 3}
      propertyPath: m_LocalRotation.w
      value: 1
      objectReference: {fileID: 0}
    - target: {fileID: 4652077751219306, guid: 3d117584a4e578144a520464c7ba1b39, type: 3}
      propertyPath: m_RootOrder
      value: 6
      objectReference: {fileID: 0}
    - target: {fileID: 212928454361263444, guid: 3d117584a4e578144a520464c7ba1b39,
        type: 3}
      propertyPath: m_Color.a
      value: 1
      objectReference: {fileID: 0}
    - target: {fileID: 212928454361263444, guid: 3d117584a4e578144a520464c7ba1b39,
        type: 3}
      propertyPath: m_Color.r
      value: 1
      objectReference: {fileID: 0}
    - target: {fileID: 212928454361263444, guid: 3d117584a4e578144a520464c7ba1b39,
        type: 3}
      propertyPath: m_Color.g
      value: 1
      objectReference: {fileID: 0}
    - target: {fileID: 212928454361263444, guid: 3d117584a4e578144a520464c7ba1b39,
        type: 3}
      propertyPath: m_Color.b
      value: 1
      objectReference: {fileID: 0}
    - target: {fileID: 1897005645563432, guid: 3d117584a4e578144a520464c7ba1b39, type: 3}
      propertyPath: m_IsActive
      value: 0
      objectReference: {fileID: 0}
    - target: {fileID: 1370776308664602, guid: 3d117584a4e578144a520464c7ba1b39, type: 3}
      propertyPath: m_IsActive
      value: 1
      objectReference: {fileID: 0}
    - target: {fileID: 1844174923473836, guid: 3d117584a4e578144a520464c7ba1b39, type: 3}
      propertyPath: m_IsActive
      value: 1
      objectReference: {fileID: 0}
    m_RemovedComponents: []
  m_SourcePrefab: {fileID: 100100000, guid: 3d117584a4e578144a520464c7ba1b39, type: 3}
--- !u!4 &972781204 stripped
Transform:
  m_CorrespondingSourceObject: {fileID: 4652077751219306, guid: 3d117584a4e578144a520464c7ba1b39,
    type: 3}
  m_PrefabInstance: {fileID: 972781203}
  m_PrefabAsset: {fileID: 0}
--- !u!1 &972781205 stripped
GameObject:
  m_CorrespondingSourceObject: {fileID: 1547788076964182, guid: 3d117584a4e578144a520464c7ba1b39,
    type: 3}
  m_PrefabInstance: {fileID: 972781203}
  m_PrefabAsset: {fileID: 0}
--- !u!4 &1059422544 stripped
Transform:
  m_CorrespondingSourceObject: {fileID: 4846331374069544, guid: 9f9f849ac872ad9479b1e6b2715e2504,
    type: 3}
  m_PrefabInstance: {fileID: 265561739}
  m_PrefabAsset: {fileID: 0}
--- !u!114 &1074905056 stripped
MonoBehaviour:
  m_CorrespondingSourceObject: {fileID: 114001317825078802, guid: a301b92a7ad4ec943b635b8a26da7e38,
    type: 3}
  m_PrefabInstance: {fileID: 1416983049}
  m_PrefabAsset: {fileID: 0}
  m_GameObject: {fileID: 2138639478}
  m_Enabled: 1
  m_EditorHideFlags: 0
  m_Script: {fileID: 11500000, guid: 5f7201a12d95ffc409449d95f23cf332, type: 3}
  m_Name: 
  m_EditorClassIdentifier: 
--- !u!1 &1326954191
GameObject:
  m_ObjectHideFlags: 0
  m_CorrespondingSourceObject: {fileID: 0}
  m_PrefabInstance: {fileID: 0}
  m_PrefabAsset: {fileID: 0}
  serializedVersion: 6
  m_Component:
  - component: {fileID: 1326954192}
  - component: {fileID: 1326954193}
  m_Layer: 0
  m_Name: Final
  m_TagString: Untagged
  m_Icon: {fileID: 0}
  m_NavMeshLayer: 0
  m_StaticEditorFlags: 0
  m_IsActive: 1
--- !u!4 &1326954192
Transform:
  m_ObjectHideFlags: 0
  m_CorrespondingSourceObject: {fileID: 0}
  m_PrefabInstance: {fileID: 0}
  m_PrefabAsset: {fileID: 0}
  m_GameObject: {fileID: 1326954191}
  m_LocalRotation: {x: 0, y: 0, z: 0, w: 1}
  m_LocalPosition: {x: 0, y: 0, z: 0}
  m_LocalScale: {x: 1, y: 1, z: 1}
  m_Children: []
  m_Father: {fileID: 1454681215}
  m_RootOrder: 0
  m_LocalEulerAnglesHint: {x: 0, y: 0, z: 0}
--- !u!212 &1326954193
SpriteRenderer:
  m_ObjectHideFlags: 0
  m_CorrespondingSourceObject: {fileID: 0}
  m_PrefabInstance: {fileID: 0}
  m_PrefabAsset: {fileID: 0}
  m_GameObject: {fileID: 1326954191}
  m_Enabled: 1
  m_CastShadows: 0
  m_ReceiveShadows: 0
  m_DynamicOccludee: 1
  m_MotionVectors: 1
  m_LightProbeUsage: 1
  m_ReflectionProbeUsage: 1
  m_RenderingLayerMask: 4294967295
  m_RendererPriority: 0
  m_Materials:
  - {fileID: 10754, guid: 0000000000000000f000000000000000, type: 0}
  m_StaticBatchInfo:
    firstSubMesh: 0
    subMeshCount: 0
  m_StaticBatchRoot: {fileID: 0}
  m_ProbeAnchor: {fileID: 0}
  m_LightProbeVolumeOverride: {fileID: 0}
  m_ScaleInLightmap: 1
  m_ReceiveGI: 1
  m_PreserveUVs: 0
  m_IgnoreNormalsForChartDetection: 0
  m_ImportantGI: 0
  m_StitchLightmapSeams: 0
  m_SelectedEditorRenderState: 0
  m_MinimumChartSize: 4
  m_AutoUVMaxDistance: 0.5
  m_AutoUVMaxAngle: 89
  m_LightmapParameters: {fileID: 0}
  m_SortingLayerID: 0
  m_SortingLayer: 0
  m_SortingOrder: 1
  m_Sprite: {fileID: 21300000, guid: d6ef4e0001ef6744b881b1da53708756, type: 3}
  m_Color: {r: 1, g: 1, b: 1, a: 1}
  m_FlipX: 0
  m_FlipY: 0
  m_DrawMode: 0
  m_Size: {x: 20.48, y: 11.52}
  m_AdaptiveModeThreshold: 0.5
  m_SpriteTileMode: 0
  m_WasSpriteAssigned: 1
  m_MaskInteraction: 0
  m_SpriteSortPoint: 0
--- !u!1 &1406300478 stripped
GameObject:
  m_CorrespondingSourceObject: {fileID: 1142742277709532, guid: 53b35852d02f74246a7afb73d4a70bc3,
    type: 3}
  m_PrefabInstance: {fileID: 212585004}
  m_PrefabAsset: {fileID: 0}
--- !u!1001 &1416983049
PrefabInstance:
  m_ObjectHideFlags: 0
  serializedVersion: 2
  m_Modification:
    m_TransformParent: {fileID: 641559384}
    m_Modifications:
    - target: {fileID: 1434614166070994, guid: a301b92a7ad4ec943b635b8a26da7e38, type: 3}
      propertyPath: m_IsActive
      value: 0
      objectReference: {fileID: 0}
    - target: {fileID: 224893501449403386, guid: a301b92a7ad4ec943b635b8a26da7e38,
        type: 3}
      propertyPath: m_LocalPosition.x
      value: 0
      objectReference: {fileID: 0}
    - target: {fileID: 224893501449403386, guid: a301b92a7ad4ec943b635b8a26da7e38,
        type: 3}
      propertyPath: m_LocalPosition.y
      value: 0
      objectReference: {fileID: 0}
    - target: {fileID: 224893501449403386, guid: a301b92a7ad4ec943b635b8a26da7e38,
        type: 3}
      propertyPath: m_LocalPosition.z
      value: 0
      objectReference: {fileID: 0}
    - target: {fileID: 224893501449403386, guid: a301b92a7ad4ec943b635b8a26da7e38,
        type: 3}
      propertyPath: m_LocalRotation.x
      value: 0
      objectReference: {fileID: 0}
    - target: {fileID: 224893501449403386, guid: a301b92a7ad4ec943b635b8a26da7e38,
        type: 3}
      propertyPath: m_LocalRotation.y
      value: 0
      objectReference: {fileID: 0}
    - target: {fileID: 224893501449403386, guid: a301b92a7ad4ec943b635b8a26da7e38,
        type: 3}
      propertyPath: m_LocalRotation.z
      value: 0
      objectReference: {fileID: 0}
    - target: {fileID: 224893501449403386, guid: a301b92a7ad4ec943b635b8a26da7e38,
        type: 3}
      propertyPath: m_LocalRotation.w
      value: 1
      objectReference: {fileID: 0}
    - target: {fileID: 224893501449403386, guid: a301b92a7ad4ec943b635b8a26da7e38,
        type: 3}
      propertyPath: m_RootOrder
      value: 0
      objectReference: {fileID: 0}
    - target: {fileID: 224893501449403386, guid: a301b92a7ad4ec943b635b8a26da7e38,
        type: 3}
      propertyPath: m_AnchoredPosition.x
      value: 0
      objectReference: {fileID: 0}
    - target: {fileID: 224893501449403386, guid: a301b92a7ad4ec943b635b8a26da7e38,
        type: 3}
      propertyPath: m_AnchoredPosition.y
      value: -53
      objectReference: {fileID: 0}
    - target: {fileID: 224893501449403386, guid: a301b92a7ad4ec943b635b8a26da7e38,
        type: 3}
      propertyPath: m_SizeDelta.x
      value: 100
      objectReference: {fileID: 0}
    - target: {fileID: 224893501449403386, guid: a301b92a7ad4ec943b635b8a26da7e38,
        type: 3}
      propertyPath: m_SizeDelta.y
      value: 100
      objectReference: {fileID: 0}
    - target: {fileID: 224893501449403386, guid: a301b92a7ad4ec943b635b8a26da7e38,
        type: 3}
      propertyPath: m_AnchorMin.x
      value: 0.5
      objectReference: {fileID: 0}
    - target: {fileID: 224893501449403386, guid: a301b92a7ad4ec943b635b8a26da7e38,
        type: 3}
      propertyPath: m_AnchorMin.y
      value: 0.5
      objectReference: {fileID: 0}
    - target: {fileID: 224893501449403386, guid: a301b92a7ad4ec943b635b8a26da7e38,
        type: 3}
      propertyPath: m_AnchorMax.x
      value: 0.5
      objectReference: {fileID: 0}
    - target: {fileID: 224893501449403386, guid: a301b92a7ad4ec943b635b8a26da7e38,
        type: 3}
      propertyPath: m_AnchorMax.y
      value: 0.5
      objectReference: {fileID: 0}
    - target: {fileID: 224893501449403386, guid: a301b92a7ad4ec943b635b8a26da7e38,
        type: 3}
      propertyPath: m_Pivot.x
      value: 0.5
      objectReference: {fileID: 0}
    - target: {fileID: 224893501449403386, guid: a301b92a7ad4ec943b635b8a26da7e38,
        type: 3}
      propertyPath: m_Pivot.y
      value: 0.5
      objectReference: {fileID: 0}
    - target: {fileID: 1036416126064754, guid: a301b92a7ad4ec943b635b8a26da7e38, type: 3}
      propertyPath: m_IsActive
      value: 1
      objectReference: {fileID: 0}
    - target: {fileID: 114308009183939574, guid: a301b92a7ad4ec943b635b8a26da7e38,
        type: 3}
      propertyPath: m_OnClick.m_PersistentCalls.m_Calls.Array.data[0].m_Target
      value: 
      objectReference: {fileID: 426015783}
    m_RemovedComponents: []
  m_SourcePrefab: {fileID: 100100000, guid: a301b92a7ad4ec943b635b8a26da7e38, type: 3}
--- !u!1 &1416983050 stripped
GameObject:
  m_CorrespondingSourceObject: {fileID: 1434614166070994, guid: a301b92a7ad4ec943b635b8a26da7e38,
    type: 3}
  m_PrefabInstance: {fileID: 1416983049}
  m_PrefabAsset: {fileID: 0}
--- !u!1 &1416983051 stripped
GameObject:
  m_CorrespondingSourceObject: {fileID: 1902073160067464, guid: a301b92a7ad4ec943b635b8a26da7e38,
    type: 3}
  m_PrefabInstance: {fileID: 1416983049}
  m_PrefabAsset: {fileID: 0}
--- !u!114 &1416983052
MonoBehaviour:
  m_ObjectHideFlags: 0
  m_CorrespondingSourceObject: {fileID: 0}
  m_PrefabInstance: {fileID: 0}
  m_PrefabAsset: {fileID: 0}
  m_GameObject: {fileID: 1416983051}
  m_Enabled: 1
  m_EditorHideFlags: 0
  m_Script: {fileID: 11500000, guid: e19747de3f5aca642ab2be37e372fb86, type: 3}
  m_Name: 
  m_EditorClassIdentifier: 
  m_EffectColor: {r: 0, g: 0, b: 0, a: 0.5}
  m_EffectDistance: {x: 4, y: -4}
  m_UseGraphicAlpha: 1
--- !u!1 &1416983053 stripped
GameObject:
  m_CorrespondingSourceObject: {fileID: 1036416126064754, guid: a301b92a7ad4ec943b635b8a26da7e38,
    type: 3}
  m_PrefabInstance: {fileID: 1416983049}
  m_PrefabAsset: {fileID: 0}
--- !u!114 &1416983054
MonoBehaviour:
  m_ObjectHideFlags: 0
  m_CorrespondingSourceObject: {fileID: 0}
  m_PrefabInstance: {fileID: 0}
  m_PrefabAsset: {fileID: 0}
  m_GameObject: {fileID: 1416983053}
  m_Enabled: 1
  m_EditorHideFlags: 0
  m_Script: {fileID: 11500000, guid: cfabb0440166ab443bba8876756fdfa9, type: 3}
  m_Name: 
  m_EditorClassIdentifier: 
  m_EffectColor: {r: 0, g: 0, b: 0, a: 0.5}
  m_EffectDistance: {x: 5, y: -15}
  m_UseGraphicAlpha: 1
--- !u!1001 &1417757042
PrefabInstance:
  m_ObjectHideFlags: 0
  serializedVersion: 2
  m_Modification:
    m_TransformParent: {fileID: 460731502}
    m_Modifications:
    - target: {fileID: 1396913856405204, guid: badab9ae4688649478181f4af98f0eff, type: 3}
      propertyPath: m_IsActive
      value: 0
      objectReference: {fileID: 0}
    - target: {fileID: 1396913856405204, guid: badab9ae4688649478181f4af98f0eff, type: 3}
      propertyPath: m_Name
      value: interiorHabitacion2
      objectReference: {fileID: 0}
    - target: {fileID: 4036345766798230, guid: badab9ae4688649478181f4af98f0eff, type: 3}
      propertyPath: m_LocalPosition.x
      value: 0
      objectReference: {fileID: 0}
    - target: {fileID: 4036345766798230, guid: badab9ae4688649478181f4af98f0eff, type: 3}
      propertyPath: m_LocalPosition.y
      value: 0
      objectReference: {fileID: 0}
    - target: {fileID: 4036345766798230, guid: badab9ae4688649478181f4af98f0eff, type: 3}
      propertyPath: m_LocalPosition.z
      value: 5
      objectReference: {fileID: 0}
    - target: {fileID: 4036345766798230, guid: badab9ae4688649478181f4af98f0eff, type: 3}
      propertyPath: m_LocalRotation.x
      value: -0
      objectReference: {fileID: 0}
    - target: {fileID: 4036345766798230, guid: badab9ae4688649478181f4af98f0eff, type: 3}
      propertyPath: m_LocalRotation.y
      value: -0
      objectReference: {fileID: 0}
    - target: {fileID: 4036345766798230, guid: badab9ae4688649478181f4af98f0eff, type: 3}
      propertyPath: m_LocalRotation.z
      value: -0
      objectReference: {fileID: 0}
    - target: {fileID: 4036345766798230, guid: badab9ae4688649478181f4af98f0eff, type: 3}
      propertyPath: m_LocalRotation.w
      value: 1
      objectReference: {fileID: 0}
    - target: {fileID: 4036345766798230, guid: badab9ae4688649478181f4af98f0eff, type: 3}
      propertyPath: m_RootOrder
      value: 2
      objectReference: {fileID: 0}
    - target: {fileID: 4036345766798230, guid: badab9ae4688649478181f4af98f0eff, type: 3}
      propertyPath: m_LocalScale.x
      value: 2.1
      objectReference: {fileID: 0}
    - target: {fileID: 4036345766798230, guid: badab9ae4688649478181f4af98f0eff, type: 3}
      propertyPath: m_LocalScale.y
      value: 2.1
      objectReference: {fileID: 0}
    - target: {fileID: 4036345766798230, guid: badab9ae4688649478181f4af98f0eff, type: 3}
      propertyPath: m_LocalScale.z
      value: 2.1
      objectReference: {fileID: 0}
    - target: {fileID: 1065562575889682, guid: badab9ae4688649478181f4af98f0eff, type: 3}
      propertyPath: m_IsActive
      value: 1
      objectReference: {fileID: 0}
    - target: {fileID: 1534448258550502, guid: badab9ae4688649478181f4af98f0eff, type: 3}
      propertyPath: m_IsActive
      value: 1
      objectReference: {fileID: 0}
    m_RemovedComponents: []
  m_SourcePrefab: {fileID: 100100000, guid: badab9ae4688649478181f4af98f0eff, type: 3}
--- !u!4 &1417757043 stripped
Transform:
  m_CorrespondingSourceObject: {fileID: 4036345766798230, guid: badab9ae4688649478181f4af98f0eff,
    type: 3}
  m_PrefabInstance: {fileID: 1417757042}
  m_PrefabAsset: {fileID: 0}
--- !u!1 &1454681214
GameObject:
  m_ObjectHideFlags: 0
  m_CorrespondingSourceObject: {fileID: 1547788076964182, guid: 3d117584a4e578144a520464c7ba1b39,
    type: 3}
  m_PrefabInstance: {fileID: 0}
  m_PrefabAsset: {fileID: 0}
  serializedVersion: 6
  m_Component:
  - component: {fileID: 1454681215}
  - component: {fileID: 1454681216}
  - component: {fileID: 1454681217}
  m_Layer: 0
  m_Name: Refinal
  m_TagString: Untagged
  m_Icon: {fileID: 0}
  m_NavMeshLayer: 0
  m_StaticEditorFlags: 0
  m_IsActive: 0
--- !u!4 &1454681215
Transform:
  m_ObjectHideFlags: 0
  m_CorrespondingSourceObject: {fileID: 4652077751219306, guid: 3d117584a4e578144a520464c7ba1b39,
    type: 3}
  m_PrefabInstance: {fileID: 0}
  m_PrefabAsset: {fileID: 0}
  m_GameObject: {fileID: 1454681214}
  m_LocalRotation: {x: -0, y: -0, z: -0, w: 1}
  m_LocalPosition: {x: 0, y: 0, z: 5}
  m_LocalScale: {x: 2.1, y: 2.1, z: 2.1}
  m_Children:
  - {fileID: 1326954192}
  - {fileID: 404419699}
  m_Father: {fileID: 460731502}
  m_RootOrder: 7
  m_LocalEulerAnglesHint: {x: 0, y: 0, z: 0}
--- !u!212 &1454681216
SpriteRenderer:
  m_ObjectHideFlags: 0
  m_CorrespondingSourceObject: {fileID: 212928454361263444, guid: 3d117584a4e578144a520464c7ba1b39,
    type: 3}
  m_PrefabInstance: {fileID: 0}
  m_PrefabAsset: {fileID: 0}
  m_GameObject: {fileID: 1454681214}
  m_Enabled: 0
  m_CastShadows: 0
  m_ReceiveShadows: 0
  m_DynamicOccludee: 1
  m_MotionVectors: 1
  m_LightProbeUsage: 1
  m_ReflectionProbeUsage: 1
  m_RenderingLayerMask: 4294967295
  m_RendererPriority: 0
  m_Materials:
  - {fileID: 10754, guid: 0000000000000000f000000000000000, type: 0}
  m_StaticBatchInfo:
    firstSubMesh: 0
    subMeshCount: 0
  m_StaticBatchRoot: {fileID: 0}
  m_ProbeAnchor: {fileID: 0}
  m_LightProbeVolumeOverride: {fileID: 0}
  m_ScaleInLightmap: 1
  m_ReceiveGI: 1
  m_PreserveUVs: 0
  m_IgnoreNormalsForChartDetection: 0
  m_ImportantGI: 0
  m_StitchLightmapSeams: 0
  m_SelectedEditorRenderState: 0
  m_MinimumChartSize: 4
  m_AutoUVMaxDistance: 0.5
  m_AutoUVMaxAngle: 89
  m_LightmapParameters: {fileID: 0}
  m_SortingLayerID: 0
  m_SortingLayer: 0
  m_SortingOrder: 0
  m_Sprite: {fileID: 21300000, guid: 27fa4e276b5493543944e61e4f02e4c1, type: 3}
  m_Color: {r: 0, g: 0, b: 0, a: 1}
  m_FlipX: 0
  m_FlipY: 0
  m_DrawMode: 0
  m_Size: {x: 20.48, y: 11.52}
  m_AdaptiveModeThreshold: 0.5
  m_SpriteTileMode: 0
  m_WasSpriteAssigned: 1
  m_MaskInteraction: 0
  m_SpriteSortPoint: 0
--- !u!114 &1454681217
MonoBehaviour:
  m_ObjectHideFlags: 0
  m_CorrespondingSourceObject: {fileID: 0}
  m_PrefabInstance: {fileID: 0}
  m_PrefabAsset: {fileID: 0}
  m_GameObject: {fileID: 1454681214}
  m_Enabled: 1
  m_EditorHideFlags: 0
  m_Script: {fileID: 11500000, guid: 2a89769030045c548ae892bd94dfecbc, type: 3}
  m_Name: 
  m_EditorClassIdentifier: 
  final: {fileID: 1326954193}
  refinal: {fileID: 404419700}
  fade: {fileID: 189694, guid: 8690bee9050afda408ab8104ab0fd56f, type: 3}
--- !u!1001 &1506122937
PrefabInstance:
  m_ObjectHideFlags: 0
  serializedVersion: 2
  m_Modification:
    m_TransformParent: {fileID: 460731502}
    m_Modifications:
    - target: {fileID: 1547788076964182, guid: 3d117584a4e578144a520464c7ba1b39, type: 3}
      propertyPath: m_IsActive
      value: 0
      objectReference: {fileID: 0}
    - target: {fileID: 4652077751219306, guid: 3d117584a4e578144a520464c7ba1b39, type: 3}
      propertyPath: m_LocalPosition.x
      value: 0
      objectReference: {fileID: 0}
    - target: {fileID: 4652077751219306, guid: 3d117584a4e578144a520464c7ba1b39, type: 3}
      propertyPath: m_LocalPosition.y
      value: 0
      objectReference: {fileID: 0}
    - target: {fileID: 4652077751219306, guid: 3d117584a4e578144a520464c7ba1b39, type: 3}
      propertyPath: m_LocalPosition.z
      value: 5
      objectReference: {fileID: 0}
    - target: {fileID: 4652077751219306, guid: 3d117584a4e578144a520464c7ba1b39, type: 3}
      propertyPath: m_LocalRotation.x
      value: -0
      objectReference: {fileID: 0}
    - target: {fileID: 4652077751219306, guid: 3d117584a4e578144a520464c7ba1b39, type: 3}
      propertyPath: m_LocalRotation.y
      value: -0
      objectReference: {fileID: 0}
    - target: {fileID: 4652077751219306, guid: 3d117584a4e578144a520464c7ba1b39, type: 3}
      propertyPath: m_LocalRotation.z
      value: -0
      objectReference: {fileID: 0}
    - target: {fileID: 4652077751219306, guid: 3d117584a4e578144a520464c7ba1b39, type: 3}
      propertyPath: m_LocalRotation.w
      value: 1
      objectReference: {fileID: 0}
    - target: {fileID: 4652077751219306, guid: 3d117584a4e578144a520464c7ba1b39, type: 3}
      propertyPath: m_RootOrder
      value: 5
      objectReference: {fileID: 0}
    - target: {fileID: 1370776308664602, guid: 3d117584a4e578144a520464c7ba1b39, type: 3}
      propertyPath: m_IsActive
      value: 1
      objectReference: {fileID: 0}
    - target: {fileID: 1624027835703232, guid: 3d117584a4e578144a520464c7ba1b39, type: 3}
      propertyPath: m_IsActive
      value: 1
      objectReference: {fileID: 0}
    m_RemovedComponents: []
  m_SourcePrefab: {fileID: 100100000, guid: 3d117584a4e578144a520464c7ba1b39, type: 3}
--- !u!1 &1506122938 stripped
GameObject:
  m_CorrespondingSourceObject: {fileID: 1547788076964182, guid: 3d117584a4e578144a520464c7ba1b39,
    type: 3}
  m_PrefabInstance: {fileID: 1506122937}
  m_PrefabAsset: {fileID: 0}
--- !u!224 &1532158617 stripped
RectTransform:
  m_CorrespondingSourceObject: {fileID: 224893501449403386, guid: a301b92a7ad4ec943b635b8a26da7e38,
    type: 3}
  m_PrefabInstance: {fileID: 1416983049}
  m_PrefabAsset: {fileID: 0}
--- !u!1 &1671484340 stripped
GameObject:
  m_CorrespondingSourceObject: {fileID: 1000011832895070, guid: 5bae985e81e386042a899a30621b5341,
    type: 3}
  m_PrefabInstance: {fileID: 1943873378}
  m_PrefabAsset: {fileID: 0}
--- !u!114 &1671484343
MonoBehaviour:
  m_ObjectHideFlags: 0
  m_CorrespondingSourceObject: {fileID: 0}
  m_PrefabInstance: {fileID: 0}
  m_PrefabAsset: {fileID: 0}
  m_GameObject: {fileID: 1671484340}
  m_Enabled: 1
  m_EditorHideFlags: 0
  m_Script: {fileID: 11500000, guid: 2b110f9ee6a5ac74fbe79808f8a44bc8, type: 3}
  m_Name: 
  m_EditorClassIdentifier: 
  cadena: 
  velocidad: 0.01
--- !u!4 &1732094010 stripped
Transform:
  m_CorrespondingSourceObject: {fileID: 4219761681596404, guid: 7a2ec46efeeca1d43a031cb3c03ff3e6,
    type: 3}
  m_PrefabInstance: {fileID: 389547598}
  m_PrefabAsset: {fileID: 0}
--- !u!4 &1735064638 stripped
Transform:
  m_CorrespondingSourceObject: {fileID: 4652077751219306, guid: 3d117584a4e578144a520464c7ba1b39,
    type: 3}
  m_PrefabInstance: {fileID: 1506122937}
  m_PrefabAsset: {fileID: 0}
--- !u!1001 &1943873378
PrefabInstance:
  m_ObjectHideFlags: 0
  serializedVersion: 2
  m_Modification:
    m_TransformParent: {fileID: 641559384}
    m_Modifications:
    - target: {fileID: 1000011903851730, guid: 5bae985e81e386042a899a30621b5341, type: 3}
      propertyPath: m_IsActive
      value: 0
      objectReference: {fileID: 0}
    - target: {fileID: 114000012494489614, guid: 5bae985e81e386042a899a30621b5341,
        type: 3}
      propertyPath: m_OnClick.m_PersistentCalls.m_Calls.Array.data[0].m_Target
      value: 
      objectReference: {fileID: 426015783}
    - target: {fileID: 114000012494489614, guid: 5bae985e81e386042a899a30621b5341,
        type: 3}
      propertyPath: m_OnClick.m_PersistentCalls.m_Calls.Array.data[0].m_MethodName
      value: ReplySelect
      objectReference: {fileID: 0}
    - target: {fileID: 224000011240305586, guid: 5bae985e81e386042a899a30621b5341,
        type: 3}
      propertyPath: m_LocalPosition.x
      value: 0
      objectReference: {fileID: 0}
    - target: {fileID: 224000011240305586, guid: 5bae985e81e386042a899a30621b5341,
        type: 3}
      propertyPath: m_LocalPosition.y
      value: 0
      objectReference: {fileID: 0}
    - target: {fileID: 224000011240305586, guid: 5bae985e81e386042a899a30621b5341,
        type: 3}
      propertyPath: m_LocalPosition.z
      value: 0
      objectReference: {fileID: 0}
    - target: {fileID: 224000011240305586, guid: 5bae985e81e386042a899a30621b5341,
        type: 3}
      propertyPath: m_LocalRotation.x
      value: 0
      objectReference: {fileID: 0}
    - target: {fileID: 224000011240305586, guid: 5bae985e81e386042a899a30621b5341,
        type: 3}
      propertyPath: m_LocalRotation.y
      value: 0
      objectReference: {fileID: 0}
    - target: {fileID: 224000011240305586, guid: 5bae985e81e386042a899a30621b5341,
        type: 3}
      propertyPath: m_LocalRotation.z
      value: 0
      objectReference: {fileID: 0}
    - target: {fileID: 224000011240305586, guid: 5bae985e81e386042a899a30621b5341,
        type: 3}
      propertyPath: m_LocalRotation.w
      value: 1
      objectReference: {fileID: 0}
    - target: {fileID: 224000011240305586, guid: 5bae985e81e386042a899a30621b5341,
        type: 3}
      propertyPath: m_RootOrder
      value: 1
      objectReference: {fileID: 0}
    - target: {fileID: 224000011240305586, guid: 5bae985e81e386042a899a30621b5341,
        type: 3}
      propertyPath: m_AnchoredPosition.x
      value: 0
      objectReference: {fileID: 0}
    - target: {fileID: 224000011240305586, guid: 5bae985e81e386042a899a30621b5341,
        type: 3}
      propertyPath: m_AnchoredPosition.y
      value: 0
      objectReference: {fileID: 0}
    - target: {fileID: 224000011240305586, guid: 5bae985e81e386042a899a30621b5341,
        type: 3}
      propertyPath: m_SizeDelta.x
      value: 100
      objectReference: {fileID: 0}
    - target: {fileID: 224000011240305586, guid: 5bae985e81e386042a899a30621b5341,
        type: 3}
      propertyPath: m_SizeDelta.y
      value: 100
      objectReference: {fileID: 0}
    - target: {fileID: 224000011240305586, guid: 5bae985e81e386042a899a30621b5341,
        type: 3}
      propertyPath: m_AnchorMin.x
      value: 0.5
      objectReference: {fileID: 0}
    - target: {fileID: 224000011240305586, guid: 5bae985e81e386042a899a30621b5341,
        type: 3}
      propertyPath: m_AnchorMin.y
      value: 0.5
      objectReference: {fileID: 0}
    - target: {fileID: 224000011240305586, guid: 5bae985e81e386042a899a30621b5341,
        type: 3}
      propertyPath: m_AnchorMax.x
      value: 0.5
      objectReference: {fileID: 0}
    - target: {fileID: 224000011240305586, guid: 5bae985e81e386042a899a30621b5341,
        type: 3}
      propertyPath: m_AnchorMax.y
      value: 0.5
      objectReference: {fileID: 0}
    - target: {fileID: 224000011240305586, guid: 5bae985e81e386042a899a30621b5341,
        type: 3}
      propertyPath: m_Pivot.x
      value: 0.5
      objectReference: {fileID: 0}
    - target: {fileID: 224000011240305586, guid: 5bae985e81e386042a899a30621b5341,
        type: 3}
      propertyPath: m_Pivot.y
      value: 0.5
      objectReference: {fileID: 0}
    - target: {fileID: 114000013469212190, guid: 5bae985e81e386042a899a30621b5341,
        type: 3}
      propertyPath: m_OnClick.m_PersistentCalls.m_Calls.Array.data[0].m_Target
      value: 
      objectReference: {fileID: 426015783}
    - target: {fileID: 114000013469212190, guid: 5bae985e81e386042a899a30621b5341,
        type: 3}
      propertyPath: m_OnClick.m_PersistentCalls.m_Calls.Array.data[0].m_MethodName
      value: ReplySelect
      objectReference: {fileID: 0}
    - target: {fileID: 114000010852528958, guid: 5bae985e81e386042a899a30621b5341,
        type: 3}
      propertyPath: m_OnClick.m_PersistentCalls.m_Calls.Array.data[0].m_Target
      value: 
      objectReference: {fileID: 426015783}
    - target: {fileID: 114000010852528958, guid: 5bae985e81e386042a899a30621b5341,
        type: 3}
      propertyPath: m_OnClick.m_PersistentCalls.m_Calls.Array.data[0].m_MethodName
      value: ReplySelect
      objectReference: {fileID: 0}
    m_RemovedComponents: []
  m_SourcePrefab: {fileID: 100100000, guid: 5bae985e81e386042a899a30621b5341, type: 3}
--- !u!224 &1943873379 stripped
RectTransform:
  m_CorrespondingSourceObject: {fileID: 224000011240305586, guid: 5bae985e81e386042a899a30621b5341,
    type: 3}
  m_PrefabInstance: {fileID: 1943873378}
  m_PrefabAsset: {fileID: 0}
--- !u!1 &1943873380 stripped
GameObject:
  m_CorrespondingSourceObject: {fileID: 1000011903851730, guid: 5bae985e81e386042a899a30621b5341,
    type: 3}
  m_PrefabInstance: {fileID: 1943873378}
  m_PrefabAsset: {fileID: 0}
--- !u!1 &1943873381 stripped
GameObject:
  m_CorrespondingSourceObject: {fileID: 1000013143911208, guid: 5bae985e81e386042a899a30621b5341,
    type: 3}
  m_PrefabInstance: {fileID: 1943873378}
  m_PrefabAsset: {fileID: 0}
--- !u!114 &1943873382
MonoBehaviour:
  m_ObjectHideFlags: 0
  m_CorrespondingSourceObject: {fileID: 0}
  m_PrefabInstance: {fileID: 0}
  m_PrefabAsset: {fileID: 0}
  m_GameObject: {fileID: 1943873381}
  m_Enabled: 1
  m_EditorHideFlags: 0
  m_Script: {fileID: 11500000, guid: cfabb0440166ab443bba8876756fdfa9, type: 3}
  m_Name: 
  m_EditorClassIdentifier: 
  m_EffectColor: {r: 0, g: 0, b: 0, a: 0.5}
  m_EffectDistance: {x: 5, y: -15}
  m_UseGraphicAlpha: 1
--- !u!1 &1943873385 stripped
GameObject:
  m_CorrespondingSourceObject: {fileID: 1000010532090640, guid: 5bae985e81e386042a899a30621b5341,
    type: 3}
  m_PrefabInstance: {fileID: 1943873378}
  m_PrefabAsset: {fileID: 0}
--- !u!1 &1943873386 stripped
GameObject:
  m_CorrespondingSourceObject: {fileID: 1415410834424224, guid: 5bae985e81e386042a899a30621b5341,
    type: 3}
  m_PrefabInstance: {fileID: 1943873378}
  m_PrefabAsset: {fileID: 0}
--- !u!114 &1943873387
MonoBehaviour:
  m_ObjectHideFlags: 0
  m_CorrespondingSourceObject: {fileID: 0}
  m_PrefabInstance: {fileID: 0}
  m_PrefabAsset: {fileID: 0}
  m_GameObject: {fileID: 1943873385}
  m_Enabled: 1
  m_EditorHideFlags: 0
  m_Script: {fileID: 11500000, guid: cfabb0440166ab443bba8876756fdfa9, type: 3}
  m_Name: 
  m_EditorClassIdentifier: 
  m_EffectColor: {r: 0, g: 0, b: 0, a: 0.5}
  m_EffectDistance: {x: 5, y: -15}
  m_UseGraphicAlpha: 1
--- !u!114 &1943873388
MonoBehaviour:
  m_ObjectHideFlags: 0
  m_CorrespondingSourceObject: {fileID: 0}
  m_PrefabInstance: {fileID: 0}
  m_PrefabAsset: {fileID: 0}
  m_GameObject: {fileID: 1943873386}
  m_Enabled: 1
  m_EditorHideFlags: 0
  m_Script: {fileID: 11500000, guid: e19747de3f5aca642ab2be37e372fb86, type: 3}
  m_Name: 
  m_EditorClassIdentifier: 
  m_EffectColor: {r: 0, g: 0, b: 0, a: 0.5}
  m_EffectDistance: {x: 4, y: -4}
  m_UseGraphicAlpha: 1
--- !u!4 &2046881953 stripped
Transform:
  m_CorrespondingSourceObject: {fileID: 4728669524728384, guid: 53b35852d02f74246a7afb73d4a70bc3,
    type: 3}
  m_PrefabInstance: {fileID: 212585004}
  m_PrefabAsset: {fileID: 0}
--- !u!1 &2055464804
GameObject:
  m_ObjectHideFlags: 0
  m_CorrespondingSourceObject: {fileID: 0}
  m_PrefabInstance: {fileID: 0}
  m_PrefabAsset: {fileID: 0}
  serializedVersion: 6
  m_Component:
  - component: {fileID: 2055464806}
  - component: {fileID: 2055464805}
  m_Layer: 0
  m_Name: Characters
  m_TagString: Untagged
  m_Icon: {fileID: 0}
  m_NavMeshLayer: 0
  m_StaticEditorFlags: 0
  m_IsActive: 1
--- !u!114 &2055464805
MonoBehaviour:
  m_ObjectHideFlags: 0
  m_CorrespondingSourceObject: {fileID: 0}
  m_PrefabInstance: {fileID: 0}
  m_PrefabAsset: {fileID: 0}
  m_GameObject: {fileID: 2055464804}
  m_Enabled: 1
  m_EditorHideFlags: 0
  m_Script: {fileID: 11500000, guid: 8b7793e5f962f7d46b0432de54f627a4, type: 3}
  m_Name: 
  m_EditorClassIdentifier: 
  cam: {fileID: 237643325}
  character: {fileID: 1038845216719118, guid: e3109cc90e556c0428ed452b2d918555, type: 3}
--- !u!4 &2055464806
Transform:
  m_ObjectHideFlags: 0
  m_CorrespondingSourceObject: {fileID: 0}
  m_PrefabInstance: {fileID: 0}
  m_PrefabAsset: {fileID: 0}
  m_GameObject: {fileID: 2055464804}
  m_LocalRotation: {x: 0, y: 0, z: 0, w: 1}
  m_LocalPosition: {x: -500, y: 0, z: 0}
  m_LocalScale: {x: 1, y: 1, z: 1}
  m_Children:
  - {fileID: 237643322}
  m_Father: {fileID: 0}
  m_RootOrder: 4
  m_LocalEulerAnglesHint: {x: 0, y: 0, z: 0}
--- !u!1 &2138639478 stripped
GameObject:
  m_CorrespondingSourceObject: {fileID: 1541137886329978, guid: a301b92a7ad4ec943b635b8a26da7e38,
    type: 3}
  m_PrefabInstance: {fileID: 1416983049}
  m_PrefabAsset: {fileID: 0}
--- !u!114 &2138639481
MonoBehaviour:
  m_ObjectHideFlags: 0
  m_CorrespondingSourceObject: {fileID: 0}
  m_PrefabInstance: {fileID: 0}
  m_PrefabAsset: {fileID: 0}
  m_GameObject: {fileID: 2138639478}
  m_Enabled: 1
  m_EditorHideFlags: 0
  m_Script: {fileID: 11500000, guid: 2b110f9ee6a5ac74fbe79808f8a44bc8, type: 3}
  m_Name: 
  m_EditorClassIdentifier: 
  cadena: 
  velocidad: 0.01
